<?xml version="1.0" encoding="UTF-8"?><collection xmlns="http://www.loc.gov/MARC21/slim"><record><leader>00507nam--2200169-i-4500</leader><controlfield tag="001">000002246</controlfield><controlfield tag="002">20161230</controlfield><controlfield tag="005">20161230201024</controlfield><controlfield tag="008">060222s1000------------r-----000-0-eng-d</controlfield><datafield ind1=" " ind2=" " tag="040"><subfield code="a">IFIN-HH</subfield></datafield><datafield ind1=" " ind2=" " tag="080"><subfield code="a">533.6:514.85</subfield></datafield><datafield ind1="1" ind2=" " tag="100"><subfield code="a">Firt, Vladimir</subfield></datafield><datafield ind1="1" ind2="0" tag="245"><subfield code="a">Statics, formfinding and dynamics of air-supported membarne structures</subfield><subfield code="c">Vladimir Firt</subfield></datafield><datafield ind1=" " ind2=" " tag="260"><subfield code="a">Prague, Academia Publishing House Of The Czechoslovak, 1982</subfield></datafield><datafield ind1=" " ind2=" " tag="300"><subfield code="a">XVII + 450 P</subfield></datafield><datafield ind1=" " ind2=" " tag="852"><subfield code="a">71813</subfield><subfield code="c">533.6</subfield></datafield><datafield ind1=" " ind2=" " tag="CAT"><subfield code="a">Sys</subfield><subfield code="c">20100907</subfield><subfield code="h">151255</subfield></datafield></record></collection>